@INPROCEEDINGS{difffit,
  author={Xie, Enze and Yao, Lewei and Shi, Han and Liu, Zhili and Zhou, Daquan and Liu, Zhaoqiang and Li, Jiawei and Li, Zhenguo},
  booktitle={2023 IEEE/CVF International Conference on Computer Vision (ICCV)}, 
  title={DiffFit: Unlocking Transferability of Large Diffusion Models via Simple Parameter-Efficient Fine-Tuning}, 
  year={2023},
  pages={4207-4216}
}
@article{driveditfit,
	author = {Tu, Jiahang and Ji, Wei and Zhao, Hanbin and Zhang, Chao and Zimmermann, Roger and Qian, Hui},
	title = {DriveDiTFit: Fine-tuning Diffusion Transformers for Autonomous Driving Data Generation},
	year = {2025},
	month = {March},
	publisher = {Association for Computing Machinery},
	address = {New York, NY, USA},
	volume = {21},
	number = {3},
	journal = {ACM Trans. Multimedia Comput. Commun. Appl.},
	articleno = {85},
	numpages = {29}
}
@misc{defectspectrum
	title={Defect Spectrum: A Granular Look of Large-Scale Defect Datasets with Rich Semantics}, 
	author={Shuai Yang and Zhifei Chen and Pengguang Chen and Xi Fang and Shu Liu and Yingcong Chen},
	year={2023},
	eprint={2310.17316},
	archivePrefix={arXiv},
	primaryClass={cs.CV}
}
@article{dit,
	title={Scalable Diffusion Models with Transformers},
	author={William Peebles and Saining Xie},
	year={2022},
	journal={arXiv preprint arXiv:2212.09748},
}
@misc{textualinversion,
	doi = {10.48550/ARXIV.2208.01618},
	url = {https://arxiv.org/abs/2208.01618},
	author = {Gal, Rinon and Alaluf, Yuval and Atzmon, Yuval and Patashnik, Or and Bermano, Amit H. and Chechik, Gal and Cohen-Or, Daniel},
	title = {An Image is Worth One Word: Personalizing Text-to-Image Generation using Textual Inversion},
	publisher = {arXiv},
	year = {2022},
	primaryClass={cs.CV}
}
@article{dreambooth,
	title={DreamBooth: Fine Tuning Text-to-image Diffusion Models for Subject-Driven Generation},
	author={Ruiz, Nataniel and Li, Yuanzhen and Jampani, Varun and Pritch, Yael and Rubinstein, Michael and Aberman, Kfir},
	booktitle={arXiv preprint arxiv:2208.12242},
	year={2022}
}
@misc{controlnet,
	title={Adding Conditional Control to Text-to-Image Diffusion Models}, 
	author={Lvmin Zhang and Anyi Rao and Maneesh Agrawala},
	booktitle={IEEE International Conference on Computer Vision (ICCV)}
	year={2023},
}
@inproceedings{
	lora,
	title={Lo{RA}: Low-Rank Adaptation of Large Language Models},
	author={Edward J Hu and yelong shen and Phillip Wallis and Zeyuan Allen-Zhu and Yuanzhi Li and Shean Wang and Lu Wang and Weizhu Chen},
	booktitle={International Conference on Learning Representations},
	year={2022},
	url={https://openreview.net/forum?id=nZeVKeeFYf9}
}
@inproceedings{vpt,
	title={Visual Prompt Tuning},
	author={Jia, Menglin and Tang, Luming and Chen, Bor-Chun and Cardie, Claire and Belongie, Serge and Hariharan, Bharath and Lim, Ser-Nam},
	booktitle={European Conference on Computer Vision (ECCV)},
	year={2022}
}
@inproceedings{bitfit,
	title = "{B}it{F}it: Simple Parameter-efficient Fine-tuning for Transformer-based Masked Language-models",
	author = "Ben Zaken, Elad  and
	Goldberg, Yoav  and
	Ravfogel, Shauli",
	editor = "Muresan, Smaranda  and
	Nakov, Preslav  and
	Villavicencio, Aline",
	booktitle = "Proceedings of the 60th Annual Meeting of the Association for Computational Linguistics (Volume 2: Short Papers)",
	month = may,
	year = "2022",
	address = "Dublin, Ireland",
	publisher = "Association for Computational Linguistics",
	url = "https://aclanthology.org/2022.acl-short.1/",
	doi = "10.18653/v1/2022.acl-short.1",
	pages = "1--9",
}